<record><leader>00000cas a22000007a 4500</leader><controlfield tag="001">12572041</controlfield><controlfield tag="008">850918d186u1868wiuwr ne      0    0eng d</controlfield><datafield ind1=" " ind2=" " tag="010"><subfield code="a">sn 85041029 </subfield></datafield><datafield ind1=" " ind2=" " tag="040"><subfield code="a">NPV</subfield><subfield code="b">eng</subfield><subfield code="c">NPV</subfield><subfield code="d">OCLCQ</subfield></datafield><datafield ind1=" " ind2=" " tag="042"><subfield code="a">msc</subfield></datafield><datafield ind1="0" ind2="0" tag="245"><subfield code="a">Plover times &amp; republican.</subfield></datafield><datafield ind1="1" ind2="3" tag="246"><subfield code="a">Plover times and republican</subfield></datafield><datafield ind1="1" ind2="3" tag="246"><subfield code="a">Times &amp; republican</subfield></datafield><datafield ind1="1" ind2="3" tag="246"><subfield code="a">Plover times</subfield></datafield><datafield ind1=" " ind2=" " tag="260"><subfield code="a">Plover, Portage County, Wis. :</subfield><subfield code="b">A.O. Brown,</subfield><subfield code="c">-1868.</subfield></datafield><datafield ind1=" " ind2=" " tag="300"><subfield code="a">v.</subfield></datafield><datafield ind1=" " ind2=" " tag="310"><subfield code="a">Weekly</subfield></datafield><datafield ind1="0" ind2=" " tag="362"><subfield code="a">-v. 12, no. 4 (May 9, 1868).</subfield></datafield><datafield ind1=" " ind2=" " tag="588"><subfield code="a">Description based on: Vol. 9, no. 37 (Jan. 6, 1866).</subfield></datafield><datafield ind1=" " ind2=" " tag="752"><subfield code="a">United States</subfield><subfield code="b">Wisconsin</subfield><subfield code="c">Portage</subfield><subfield code="d">Plover.</subfield></datafield><datafield ind1="0" ind2="0" tag="785"><subfield code="t">Plover times</subfield><subfield code="w">(DLC)sn 85033215</subfield></datafield><datafield ind1="1" ind2=" " tag="029"><subfield code="a">AU@</subfield><subfield code="b">000023532666</subfield></datafield></record>